


%%%%%%%%%%%%%%%%%%%%%%%%%%%%%%%%%%%%%%%%%%%%%%%%%%%
%			     QUADRATURE RULES		  	      %
%%%%%%%%%%%%%%%%%%%%%%%%%%%%%%%%%%%%%%%%%%%%%%%%%%%

% clean code
@book{cleancode,
	author = {Martin, R. C.},
	title = {Clean Code: A Handbook of Agile Software Craftsmanship},
	year = {2008},
	isbn = {0132350882},
	publisher = {Prentice Hall PTR},
	address = {USA},
	edition = {1}}
}




% Python
@book{python3,
	author="J. Ernesti
	and P. Kaiser",
	title="Python 3 -- Das umfassende Handbuch",
	year="2012",
	publisher="Galileo Press",
	address="Bonn"
}


% Gumm1
@book{gumm1,
	author="H.-P. Gumm and M. Sommer",
	title="Informatik -- Band 1 Programmierung, Algorithmen und Datenstrukturen",
	year="2016",
	publisher="De Gruyter",
	address="Oldenbourg"
}

% Gumm2
@book{gumm2,
	author="H.-P. Gumm and M. Sommer",
	title="Informatik -- Band 2 Rechnerarchitektur, Betriebssysteme, Rechnernetze ",
	year="2017",
	publisher="De Gruyter",
	address="Oldenbourg"
}

% Gumm3
@book{gumm3,
	author="H.-P. Gumm and M. Sommer",
	title="Einführung in die Informatik",
	year="2013",
	publisher="Oldenbourg Wissenschaftsverlag GmbH",
	address="München"
}

% Latex
@book{latex1,
	author="J. Knappen",
	title="Schnell ans Ziel mit Latex 2e",
	year="2009",
	publisher="De Gruyter",
	address="München"
}

% Rivest: Algorithmen
@book{rivest2017,
	author = {T. H. Cormen and C. E. Leiserson and R. Rivest and C. Stein},
	url = {https://doi.org/10.1515/9783110522013},
	title = {Algorithmen - Eine Einführung},
	year = {2017},
	publisher = {De Gruyter Oldenbourg},
	ISBN = {9783110522013}
}

% Goldberg: Floats
    @article{goldberg,
	author = {Goldberg, D.},
	title = {What Every Computer Scientist Should Know about Floating-Point Arithmetic},
	year = {1991},
	issue_date = {March 1991},
	publisher = {Association for Computing Machinery},
	address = {New York, NY, USA},
	volume = {23},
	number = {1},
	issn = {0360-0300},
	url = {https://doi.org/10.1145/103162.103163},
	doi = {10.1145/103162.103163},
	journal = {ACM Comput. Surv.},
	month = {mar},
	pages = {5–48},
	numpages = {44},
	keywords = {floating-point, guard digit, ulp, exception, NaN, rounding mode, relative error, gradual underflow, floating-point standard, underflow, denormalized number, overflow, rounding error}
}

% Deuflhard
@book{Deuflhard,
	author="P. Deuflhard and A. Hohmann",
	title="Numerische Mathematik 1",
	year="2019",
	publisher="De Gruyter",
	url="https://doi.org/10.1515/9783110614329"
}

%Meister
@book{Meister,
	author="A. Meister",
	title="Numerik linearer Gleichungssysteme",
	year="2015",
	publisher="Springer Spektrum, Wiesbaden",
	url="https://doi.org/10.1007/978-3-658-07200-1"
}
